@article{abrams2021modelling,
  title={Modelling the early phase of the Belgian COVID-19 epidemic using a stochastic compartmental model and studying its implied future trajectories},
  author={Abrams, Steven and Wambua, James and Santermans, Eva and Willem, Lander and Kuylen, Elise and Coletti, Pietro and Libin, Pieter and Faes, Christel and Petrof, Oana and Herzog, Sereina A and others},
  journal={Epidemics},
  volume={35},
  pages={100449},
  year={2021},
  publisher={Elsevier}
}

@article{awasthi2020vacsim,
  title={Vacsim: Learning effective strategies for covid-19 vaccine distribution using reinforcement learning},
  author={Awasthi, Raghav and Guliani, Keerat Kaur and Khan, Saif Ahmad and Vashishtha, Aniket and Gill, Mehrab Singh and Bhatt, Arshita and Nagori, Aditya and Gupta, Aniket and Kumaraguru, Ponnurangam and Sethi, Tavpritesh},
  journal={arXiv preprint arXiv:2009.06602},
  year={2020}
}

@incollection{bailey1975mathematical,
  title={The mathematical theory of infectious diseases and its applications},
  author={Bailey, Norman TJ},
  booktitle={The mathematical theory of infectious diseases and its applications},
  pages={413--413},
  year={1975},
  publisher={Charles Griffin \& Company Ltd 5a Crendon Street, High Wycombe, Bucks HP13 6LE.}
}

@article{bastani2021efficient,
  title={Efficient and targeted COVID-19 border testing via RL},
  author={Bastani, Hamsa and Drakopoulos, Kimon and Gupta, Vishal and Vlachogiannis, Ioannis and Hadjicristodoulou, Christos and Lagiou, Pagona and Magiorkinis, Gkikas and Paraskevis, Dimitrios and Tsiodras, Sotirios},
  journal={Nature},
  volume={599},
  number={7883},
  pages={108--113},
  year={2021},
  publisher={Nature Publishing Group}
}

@article{beigi2021application,
  title={Application of reinforcement learning for effective vaccination strategies of coronavirus disease 2019 (COVID-19)},
  author={Beigi, Alireza and Yousefpour, Amin and Yasami, Amirreza and G{\'o}mez-Aguilar, JF and Bekiros, Stelios and Jahanshahi, Hadi},
  journal={The European Physical Journal Plus},
  volume={136},
  number={5},
  pages={1--22},
  year={2021},
  publisher={Springer}
}

@article{britton2009epidemic,
  title={Epidemic modelling: aspects where stochasticity matters},
  author={Britton, Tom and Lindenstrand, David},
  journal={Mathematical biosciences},
  volume={222},
  number={2},
  pages={109--116},
  year={2009},
  publisher={Elsevier}
}

@article{das2008large,
  title={A large-scale simulation model of pandemic influenza outbreaks for development of dynamic mitigation strategies},
  author={Das, Tapas K and Savachkin, Alex A and Zhu, Yiliang},
  journal={Iie Transactions},
  volume={40},
  number={9},
  pages={893--905},
  year={2008},
  publisher={Taylor \& Francis}
}

@inproceedings{deb2000,
  title={A fast elitist non-dominated sorting genetic algorithm for multi-objective optimization: NSGA-II},
  author={Deb, Kalyanmoy and Agrawal, Samir and Pratap, Amrit and Meyarivan, Tanaka},
  booktitle={International conference on parallel problem solving from nature},
  pages={849--858},
  year={2000},
  organization={Springer}
}

@inproceedings{ernst2006clinical,
  title={Clinical data based optimal STI strategies for HIV: a reinforcement learning approach},
  author={Ernst, Damien and Stan, Guy-Bart and Goncalves, Jorge and Wehenkel, Louis},
  booktitle={Proceedings of the 45th IEEE Conference on Decision and Control},
  pages={667--672},
  year={2006},
  organization={IEEE}
}

@inproceedings{fu2019,
  title={Diagnosing bottlenecks in deep q-learning algorithms},
  author={Fu, Justin and Kumar, Aviral and Soh, Matthew and Levine, Sergey},
  booktitle={International Conference on Machine Learning},
  pages={2021--2030},
  year={2019},
  organization={PMLR}
}

@misc{hayes2021practical,
      title={A Practical Guide to Multi-Objective RL and Planning}, 
      author={Conor F. Hayes and Roxana R\u{a}dulescu and Eugenio Bargiacchi and Johan K{\"a}llstr{\"o}m and Matthew Macfarlane and Mathieu Reymond and Timothy Verstraeten and Luisa M. Zintgraf and Richard Dazeley and Fredrik Heintz and Enda Howley and Athirai A. Irissappane and Patrick Mannion and Ann Now\'{e} and Gabriel Ramos and Marcello Restelli and Peter Vamplew and Diederik M. Roijers},
      year={2021},
      eprint={2103.09568},
      archivePrefix={arXiv},
      primaryClass={cs.AI}
}

@inproceedings{hayes2022multiobjective_esr,
  title={Decision-Theoretic Planning for the Expected Sclarised Returns},
  author={Hayes, Conor F and Roijers, Diederik M and Howley, Enda and Mannion, Patrick},
  booktitle={Proceedings of the 21th International Conference on Autonomous Agents and MultiAgent Systems},
  volume={2022},
  year={2022}
}

@article{hayes2021expected,
  title={Expected Scalarised Returns Dominance: A New Solution Concept for Multi-Objective Decision Making},
  author={Hayes, Conor F. and Verstraeten, Timothy and Roijers, Diederik M. and Howley, Enda and Mannion, Patrick},
  journal={arXiv preprint arXiv:2106.01048},
  year={2021}
}

@article{kompella2020reinforcement,
  title={Reinforcement learning for optimization of COVID-19 mitigation policies},
  author={Kompella, Varun and Capobianco, Roberto and Jong, Stacy and Browne, Jonathan and Fox, Spencer and Meyers, Lauren and Wurman, Peter and Stone, Peter},
  journal={arXiv preprint arXiv:2010.10560},
  year={2020}
}

@article{kwak2021covid,
    author = {Kwak, Gloria Hyunjung AND Ling, Lowell AND Hui, Pan},
    journal = {PLOS ONE},
    publisher = {Public Library of Science},
    title = {Deep reinforcement learning approaches for global public health strategies for COVID-19 pandemic},
    year = {2021},
    month = {05},
    volume = {16},
    pages = {1-15},
    number = {5},

}

@inproceedings{libin2018bayesian,
  title={Bayesian Best-Arm Identification for Selecting Influenza Mitigation Strategies},
  author={Libin, Pieter JK and Verstraeten, Timothy and Roijers, Diederik M and Grujic, Jelena and Theys, Kristof and Lemey, Philippe and Now{\'e}, Ann},
  booktitle={Joint European Conference on Machine Learning and Knowledge Discovery in Databases},
  pages={456--471},
  year={2018},
  organization={Springer, Cham}
}


@InProceedings{libin2020,
  author="Libin, Pieter J. K.
  and Moonens, Arno
  and Verstraeten, Timothy
  and Perez-Sanjines, Fabian
  and Hens, Niel
  and Lemey, Philippe
  and Now{\'e}, Ann",
  editor="Dong, Yuxiao
  and Ifrim, Georgiana
  and Mladeni{\'{c}}, Dunja
  and Saunders, Craig
  and Van Hoecke, Sofie",
  title="Deep Reinforcement Learning for Large-Scale Epidemic Control",
  booktitle="ECML",
  year="2021",
  publisher="Springer International Publishing",
  address="Cham",
  pages="155--170",
  isbn="978-3-030-67670-4"
}

@article{libin2021assessing,
  title={Assessing the feasibility and effectiveness of household-pooled universal testing to control COVID-19 epidemics},
  author={Libin, Pieter JK and Willem, Lander and Verstraeten, Timothy and Torneri, Andrea and Vanderlocht, Joris and Hens, Niel},
  journal={PLoS computational biology},
  volume={17},
  number={3},
  pages={e1008688},
  year={2021},
  publisher={Public Library of Science San Francisco, CA USA}
}

@article{lillicrap2015continuous,
  title={Continuous control with deep reinforcement learning},
  author={Lillicrap, Timothy P and Hunt, Jonathan J and Pritzel, Alexander and Heess, Nicolas and Erez, Tom and Tassa, Yuval and Silver, David and Wierstra, Daan},
  journal={arXiv preprint arXiv:1509.02971},
  year={2015}
}

@inproceedings{lizotte2010efficient,
  title={Efficient reinforcement learning with multiple reward functions for randomized controlled trial analysis},
  author={Lizotte, Daniel J and Bowling, Michael H and Murphy, Susan A},
  booktitle={ICML},
  year={2010}
}

@article{miranda2022tale,
  title={A Tale of Three Recent Pandemics: Influenza, HIV and SARS-CoV-2},
  author={Miranda, Mafalda NS and Pingarilho, Marta and Pimentel, Victor and Torneri, Andrea and Seabra, Sofia G and Libin, Pieter JK and Abecasis, Ana B},
  journal={Frontiers in Microbiology},
  volume={13},
  year={2022},
  publisher={Frontiers Media SA}
}

@article{mnih2015,
  title={Human-level control through deep reinforcement learning},
  author={Mnih, Volodymyr and Kavukcuoglu, Koray and Silver, David and Rusu, Andrei A and Veness, Joel and Bellemare, Marc G and Graves, Alex and Riedmiller, Martin and Fidjeland, Andreas K and Ostrovski, Georg and others},
  journal={Nature},
  volume={518},
  number={7540},
  pages={529},
  year={2015},
  publisher={Nature Publishing Group}
}

@article{ohi2020exploring,
  title={Exploring optimal control of epidemic spread using RL},
  author={Ohi, Abu Quwsar and Mridha, MF and Monowar, Muhammad Mostafa and Hamid, Md and others},
  journal={Scientific reports},
  volume={10},
  number={1},
  pages={1--19},
  year={2020},
  publisher={Nature Publishing Group}
}

@article{padmanabhan2021reinforcement,
  title={Reinforcement learning-based decision support system for COVID-19},
  author={Padmanabhan, Regina and Meskin, Nader and Khattab, Tamer and Shraim, Mujahed and Al-Hitmi, Mohammed},
  journal={Biomedical Signal Processing and Control},
  volume={68},
  pages={102676},
  year={2021},
  publisher={Elsevier}
}

@article{parisi2017manifold,
  title={Manifold-based multi-objective policy search with sample reuse},
  author={Parisi, Simone and Pirotta, Matteo and Peters, Jan},
  journal={Neurocomputing},
  volume={263},
  pages={3--14},
  year={2017},
  publisher={Elsevier}
}

@article{probert2019context,
  title={Context matters: using reinforcement learning to develop human-readable, state-dependent outbreak response policies},
  author={Probert, William JM and Lakkur, Sandya and Fonnesbeck, Christopher J and Shea, Katriona and Runge, Michael C and Tildesley, Michael J and Ferrari, Matthew J},
  journal={Philosophical Transactions of the Royal Society B},
  volume={374},
  number={1776},
  pages={20180277},
  year={2019},
  publisher={The Royal Society}
}

@inproceedings{reymond2022pcn,
  title={Pareto Conditioned Networks},
  author={Reymond, Mathieu and Bargiacchi Eugenio and Ann Now\`e},
  booktitle={Proceedings of the 21st International Conference on AAMAS (2022)},
  pages={},
  year={2022}
}

@article{roijers2013survey,
    title={A survey of multi-objective sequential decision-making},
    author={Roijers, Diederik M and Vamplew, Peter and Whiteson, Shimon and Dazeley, Richard},
    journal={JAIR},
    volume={48},
    pages={67--113},
    year={2013}
    }

@article{schmidhuber2019,
  title={Reinforcement Learning Upside Down: Don't Predict Rewards--Just Map Them to Actions},
  author={Schmidhuber, Juergen},
  journal={arXiv preprint arXiv:1912.02875},
  year={2019}
}

@article{shore1980axiomatic,
  title={Axiomatic derivation of the principle of maximum entropy and the principle of minimum cross-entropy},
  author={Shore, John and Johnson, Rodney},
  journal={IEEE Transactions on information theory},
  volume={26},
  number={1},
  pages={26--37},
  year={1980},
  publisher={IEEE}
}

@article{song2020reinforced,
  title={Reinforced epidemic control: Saving both lives and economy},
  author={Song, Sirui and Zong, Zefang and Li, Yong and Liu, Xue and Yu, Yang},
  journal={arXiv preprint arXiv:2008.01257},
  year={2020}
}

@article{torneri2021controlling,
  title={Controlling SARS-CoV-2 in schools using repetitive testing strategies (preprint)},
  author={Torneri, Andrea and Willem, Lander and Colizza, Vittoria and Kremer, Cecile and Meuris, Christelle and Darcis, Gilles and Hens, Niel and Libin, Pieter JK},
  year={2021}
}

@article{torneri2020prospect,
  title={A prospect on the use of antiviral drugs to control local outbreaks of COVID-19},
  author={Torneri, Andrea and Libin, Pieter and Vanderlocht, Joris and Vandamme, Anne-Mieke and Neyts, Johan and Hens, Niel},
  journal={BMC medicine},
  volume={18},
  number={1},
  pages={1--9},
  year={2020},
  publisher={BioMed Central}
}

@inproceedings{vamplew2008limitations,
  title={On the limitations of scalarisation for multi-objective reinforcement learning of pareto fronts},
  author={Vamplew, Peter and Yearwood, John and Dazeley, Richard and Berry, Adam},
  booktitle={Australasian joint conference on artificial intelligence},
  pages={372--378},
  year={2008},
  organization={Springer}
}

@article{vamplew2021scalar,
  title={Scalar reward is not enough: A response to Silver, Singh, Precup and Sutton (2021)},
  author={Vamplew, Peter and Smith, Benjamin J and Kallstrom, Johan and Ramos, Gabriel and R\u{a}dulescu, Roxana and Roijers, Diederik M and Hayes, Conor F and Heintz, Fredrik and Mannion, Patrick and Libin, Pieter JK and others},
  journal={arXiv preprint arXiv:2112.15422},
  year={2021}
}

@article{vanmoffaert2014multiobjective,
  author  = {Kristof Van Moffaert and Ann Now{{\'e}}},
  title   = {Multi-Objective Reinforcement Learning using Sets of Pareto Dominating Policies},
  journal = {JMLR},
  year    = {2014},
  volume  = {15},
  number  = {107},
  pages   = {3663-3692}
}

@article{wallinga2006using,
  title={Using data on social contacts to estimate age-specific transmission parameters for respiratory-spread infectious agents},
  author={Wallinga, Jacco and Teunis, Peter and Kretzschmar, Mirjam},
  journal={American journal of epidemiology},
  volume={164},
  number={10},
  pages={936--944},
  year={2006},
  publisher={Oxford University Press}
}

@inproceedings{wan2021multi,
  title={Multi-Objective Model-based Reinforcement Learning for Infectious Disease Control},
  author={Wan, Runzhe and Zhang, Xinyu and Song, Rui},
  booktitle={Proceedings of the 27th ACM SIGKDD Conference on Knowledge Discovery \& Data Mining},
  pages={1634--1644},
  year={2021}
}

@article{willem2021impact,
  title={The impact of contact tracing and household bubbles on deconfinement strategies for COVID-19},
  author={Willem, Lander and Abrams, Steven and Libin, Pieter JK and Coletti, Pietro and Kuylen, Elise and Petrof, Oana and M{\o}gelmose, Signe and Wambua, James and Herzog, Sereina A and Faes, Christel and others},
  journal={Nature communications},
  volume={12},
  number={1},
  pages={1--9},
  year={2021},
  publisher={Nature Publishing Group}
}

@inproceedings{zintgraf2015,
  title={Quality assessment of MORL algorithms: A utility-based approach},
  author={Zintgraf, Luisa M and Kanters, Timon V and Roijers, Diederik M and Oliehoek, Frans and Beau, Philipp},
  booktitle={Benelearn 2015: proceedings of the 24th annual ML conference of Belgium and the Netherlands},
  year={2015}
}

@article{zitzler1999,
  title={Multiobjective evolutionary algorithms: a comparative case study and the strength Pareto approach},
  author={Zitzler, Eckart and Thiele, Lothar},
  journal={IEEE transactions on Evolutionary Computation},
  volume={3},
  number={4},
  pages={257--271},
  year={1999},
  publisher={IEEE}
}

@article{zitzler2003,
  title={Performance assessment of multiobjective optimizers: An analysis and review},
  author={Zitzler, Eckart and Thiele, Lothar and Laumanns, Marco and Fonseca, Carlos M and Da Fonseca, Viviane Grunert},
  journal={IEEE Transactions on evolutionary computation},
  volume={7},
  number={2},
  pages={117--132},
  year={2003},
  publisher={IEEE}
}

@article{zur2009noise,
  title={Noise injection for training artificial neural networks: A comparison with weight decay and early stopping},
  author={Zur, Richard M and Jiang, Yulei and Pesce, Lorenzo L and Drukker, Karen},
  journal={Medical physics},
  volume={36},
  number={10},
  pages={4810--4818},
  year={2009},
  publisher={Wiley Online Library}
}
